<record><leader>00000cas a22000007a 4500</leader><controlfield tag="001">11284918</controlfield><controlfield tag="008">841019d18741877ohudn ne      0    0eng d</controlfield><datafield ind1=" " ind2=" " tag="010"><subfield code="a">sn 84028650 </subfield></datafield><datafield ind1=" " ind2=" " tag="040"><subfield code="a">NPY</subfield><subfield code="b">eng</subfield><subfield code="c">NPY</subfield><subfield code="d">NPX</subfield><subfield code="d">NJW</subfield><subfield code="d">ONP</subfield><subfield code="d">NVF</subfield><subfield code="d">OCLCQ</subfield><subfield code="d">OCLCF</subfield><subfield code="d">OCLCO</subfield></datafield><datafield ind1=" " ind2=" " tag="042"><subfield code="a">msc</subfield></datafield><datafield ind1=" " ind2=" " tag="043"><subfield code="a">n-us-oh</subfield></datafield><datafield ind1="0" ind2=" " tag="130"><subfield code="a">Daily evening dispatch (Columbus, Ohio)</subfield></datafield><datafield ind1="1" ind2="4" tag="245"><subfield code="a">The daily evening dispatch.</subfield></datafield><datafield ind1="1" ind2="3" tag="246"><subfield code="a">Daily dispatch and daily Ohio statesman</subfield></datafield><datafield ind1=" " ind2=" " tag="260"><subfield code="a">Columbus, Ohio :</subfield><subfield code="b">Dispatch Print. Co.,</subfield><subfield code="c">1874-1877.</subfield></datafield><datafield ind1=" " ind2=" " tag="300"><subfield code="a">v.</subfield></datafield><datafield ind1=" " ind2=" " tag="310"><subfield code="a">Daily (except Sunday)</subfield></datafield><datafield ind1="0" ind2=" " tag="362"><subfield code="a">Vol. 4, no. 93 (Oct. 17, 1874)-v. 45, no. 311 (Jan. 5, 1877).</subfield></datafield><datafield ind1=" " ind2=" " tag="580"><subfield code="a">Weekly ed.: Dollar weekly dispatch (Columbus, Ohio), &lt;1876&gt;-1877.</subfield></datafield><datafield ind1=" " ind2="0" tag="651"><subfield code="a">Columbus (Ohio)</subfield><subfield code="v">Newspapers.</subfield></datafield><datafield ind1=" " ind2="0" tag="651"><subfield code="a">Franklin County (Ohio)</subfield><subfield code="v">Newspapers.</subfield></datafield><datafield ind1=" " ind2="7" tag="655"><subfield code="a">Newspapers.</subfield><subfield code="2">fast</subfield><subfield code="0">(OCoLC)fst01423814</subfield></datafield><datafield ind1=" " ind2="7" tag="651"><subfield code="a">Ohio</subfield><subfield code="z">Columbus.</subfield><subfield code="2">fast</subfield><subfield code="0">(OCoLC)fst01205076</subfield></datafield><datafield ind1=" " ind2="7" tag="651"><subfield code="a">Ohio</subfield><subfield code="z">Franklin County.</subfield><subfield code="2">fast</subfield><subfield code="0">(OCoLC)fst01209686</subfield></datafield><datafield ind1=" " ind2=" " tag="752"><subfield code="a">United States</subfield><subfield code="b">Ohio</subfield><subfield code="c">Franklin</subfield><subfield code="d">Columbus.</subfield></datafield><datafield ind1="1" ind2=" " tag="775"><subfield code="t">Dollar weekly dispatch (Columbus, Ohio)</subfield><subfield code="w">(DLC)sn 85025906</subfield></datafield><datafield ind1="0" ind2="0" tag="780"><subfield code="t">Daily dispatch and daily Ohio statesman (Columbus, Ohio : 1872)</subfield><subfield code="w">(DLC)sn 84028649</subfield></datafield><datafield ind1="0" ind2="0" tag="785"><subfield code="t">Columbus evening dispatch</subfield><subfield code="w">(DLC)sn 83045194</subfield></datafield></record>